%%%%%%%%%%%%%%%%%%%%%%%%%%%%%%%%%%%%%%%%%%%%%%%%%%%%%%%%%%%%%%%%%%%%%%%
%                                                                      %
%                       my bibliography                                %
%                                                                      %
%%%%%%%%%%%%%%%%%%%%%%%%%%%%%%%%%%%%%%%%%%%%%%%%%%%%%%%%%%%%%%%%%%%%%%%%
%
% Time-stamp: <2013-01-17 17:38:05 jinglu> 
%
%
@article{mohamed2007history,
  title={A history of eye gaze tracking},
  author={Mohamed, Abdallahi Ould and Da Silva, Matthieu Perreira and Courboulay, Vincent},
  year={2007}
}
@article{borji2013state,
  title={State-of-the-art in visual attention modeling},
  author={Borji, Ali and Itti, Laurent},
  journal={IEEE transactions on pattern analysis and machine intelligence},
  volume={35},
  number={1},
  pages={185--207},
  year={2013},
  publisher={IEEE}
}

@inproceedings{essig2010fully,
  title={Fully-automatic annotation of scene vidoes: Establish eye tracking effectively in various industrial applications},
  author={Essig, Kai and Sand, Norbert and Schack, Thomas and Kuensemoeller, Joern and Weigelt, Matthias and Ritter, Helge},
  booktitle={SICE Annual Conference 2010, Proceedings of},
  pages={3304--3307},
  year={2010},
  organization={IEEE}
}

@misc{ wiki:RANSAC,
    author = "{Wikipedia contributors}",
    title = "Random sample consensus --- {Wikipedia}{,} The Free Encyclopedia",
    year = "2018",
    url = "https://en.wikipedia.org/w/index.php?title=Random_sample_consensus&oldid=838765185",
    note = "[Online; accessed 16-June-2018]"
}

@inproceedings{Sibert:2000:EEG:332040.332445,
 author = {Sibert, Linda E. and Jacob, Robert J. K.},
 title = {Evaluation of Eye Gaze Interaction},
 booktitle = {Proceedings of the SIGCHI Conference on Human Factors in Computing Systems},
 series = {CHI '00},
 year = {2000},
 isbn = {1-58113-216-6},
 location = {The Hague, The Netherlands},
 pages = {281--288},
 numpages = {8},
 url = {http://doi.acm.org/10.1145/332040.332445},
 doi = {10.1145/332040.332445},
 acmid = {332445},
 publisher = {ACM},
 address = {New York, NY, USA},
 keywords = {eye movements, eye tracking, interaction techniques, user interfaces},
} 

@inproceedings{Zhai:1999:MGI:302979.303053,
 author = {Zhai, Shumin and Morimoto, Carlos and Ihde, Steven},
 title = {Manual and Gaze Input Cascaded (MAGIC) Pointing},
 booktitle = {Proceedings of the SIGCHI Conference on Human Factors in Computing Systems},
 series = {CHI '99},
 year = {1999},
 isbn = {0-201-48559-1},
 location = {Pittsburgh, Pennsylvania, USA},
 pages = {246--253},
 numpages = {8},
 url = {http://doi.acm.org/10.1145/302979.303053},
 doi = {10.1145/302979.303053},
 acmid = {303053},
 publisher = {ACM},
 address = {New York, NY, USA},
 keywords = {Fitts'law, computer input, computer vision, eye, eye tracking, gaze, gaze tracking, multi-modal interface, pointing},
} 
@article{gwon2013robust,
  title={Robust eye and pupil detection method for gaze tracking},
  author={Gwon, Su Yeong and Cho, Chul Woo and Lee, Hyeon Chang and Lee, Won Oh and Park, Kang Ryoung},
  journal={International Journal of Advanced Robotic Systems},
  volume={10},
  number={2},
  pages={98},
  year={2013},
  publisher={SAGE Publications Sage UK: London, England}
}
@article{ILSVRC15,
Author = {Olga Russakovsky and Jia Deng and Hao Su and Jonathan Krause and Sanjeev Satheesh and Sean Ma and Zhiheng Huang and Andrej Karpathy and Aditya Khosla and Michael Bernstein and Alexander C. Berg and Li Fei-Fei},
Title = {{ImageNet Large Scale Visual Recognition Challenge}},
Year = {2015},
journal   = {International Journal of Computer Vision (IJCV)},
doi = {10.1007/s11263-015-0816-y},
volume={115},
number={3},
pages={211-252}
}

@inproceedings{zhang2015appearance,
  title={Appearance-based gaze estimation in the wild},
  author={Zhang, Xucong and Sugano, Yusuke and Fritz, Mario and Bulling, Andreas},
  booktitle={Proceedings of the IEEE Conference on Computer Vision and Pattern Recognition},
  pages={4511--4520},
  year={2015}
}
@inproceedings{li2013learning,
  title={Learning surf cascade for fast and accurate object detection},
  author={Li, Jianguo and Zhang, Yimin},
  booktitle={Computer Vision and Pattern Recognition (CVPR), 2013 IEEE Conference on},
  pages={3468--3475},
  year={2013},
  organization={IEEE}
}
@article{Sugano2014LearningbySynthesisFA,
  title={Learning-by-Synthesis for Appearance-Based 3D Gaze Estimation},
  author={Yusuke Sugano and Yasuyuki Matsushita and Yoichi Sato},
  journal={2014 IEEE Conference on Computer Vision and Pattern Recognition},
  year={2014},
  pages={1821-1828}
}
@article{krafka2016eye,
  title={Eye tracking for everyone},
  author={Krafka, Kyle and Khosla, Aditya and Kellnhofer, Petr and Kannan, Harini and Bhandarkar, Suchendra and Matusik, Wojciech and Torralba, Antonio},
  journal={arXiv preprint arXiv:1606.05814},
  year={2016}
}